<record><leader>00000cas a22000007a 4500</leader><controlfield tag="001">18546603</controlfield><controlfield tag="008">880929d19831984nduwr ne      0    0eng d</controlfield><datafield ind1=" " ind2=" " tag="010"><subfield code="a">sn 88076677 </subfield></datafield><datafield ind1=" " ind2=" " tag="040"><subfield code="a">NOP</subfield><subfield code="b">eng</subfield><subfield code="c">NOP</subfield><subfield code="d">OCLCQ</subfield></datafield><datafield ind1=" " ind2=" " tag="042"><subfield code="a">msc</subfield></datafield><datafield ind1="0" ind2="4" tag="245"><subfield code="a">The Journal-register.</subfield></datafield><datafield ind1=" " ind2=" " tag="260"><subfield code="a">Velva, N.D. :</subfield><subfield code="b">Roger Domres</subfield></datafield><datafield ind1=" " ind2=" " tag="300"><subfield code="a">3 v. :</subfield><subfield code="b">ill. ;</subfield><subfield code="c">58 cm.</subfield></datafield><datafield ind1=" " ind2=" " tag="310"><subfield code="a">Weekly</subfield></datafield><datafield ind1="0" ind2=" " tag="362"><subfield code="a">Vol. 82, no. 46 (Jan. 5, 1983)-v. 84, no. 31 (Dec. 5, 1984).</subfield></datafield><datafield ind1=" " ind2=" " tag="500"><subfield code="a">Printed at Garrison, N.D.</subfield></datafield><datafield ind1=" " ind2=" " tag="500"><subfield code="a">Special "Homesteaders Centennial Edition" published June 29, 1983.</subfield></datafield><datafield ind1=" " ind2=" " tag="500"><subfield code="a">"Official newspaper for the cities of Velva, Drake, Anamoose, &amp; Kief", 1983-1984.</subfield></datafield><datafield ind1=" " ind2=" " tag="530"><subfield code="a">Available on microfilm from the State Historical Society of North Dakota.</subfield></datafield><datafield ind1=" " ind2=" " tag="752"><subfield code="a">United States</subfield><subfield code="b">North Dakota</subfield><subfield code="c">McHenry</subfield><subfield code="d">Velva.</subfield></datafield><datafield ind1=" " ind2=" " tag="752"><subfield code="a">United States</subfield><subfield code="b">North Dakota</subfield><subfield code="c">McHenry</subfield><subfield code="d">Anamoose.</subfield></datafield><datafield ind1=" " ind2=" " tag="752"><subfield code="a">United States</subfield><subfield code="b">North Dakota</subfield><subfield code="c">McHenry</subfield><subfield code="d">Drake.</subfield></datafield><datafield ind1=" " ind2=" " tag="752"><subfield code="a">United States</subfield><subfield code="b">North Dakota</subfield><subfield code="c">McHenry</subfield><subfield code="d">Kief.</subfield></datafield><datafield ind1=" " ind2=" " tag="752"><subfield code="a">United States</subfield><subfield code="b">North Dakota</subfield><subfield code="c">McLean</subfield><subfield code="d">Garrison.</subfield></datafield><datafield ind1="0" ind2="0" tag="780"><subfield code="t">McHenry County journal-register (Velva, N.D. : 1974)</subfield><subfield code="w">(DLC)sn 88076676</subfield></datafield><datafield ind1="0" ind2="0" tag="785"><subfield code="t">McHenry County journal-register (Velva, N.D. : 1984)</subfield><subfield code="w">(DLC)sn 88076671</subfield></datafield></record>